@article{allLayers,
  title={Are All Layers Created Equal?},
  author={Zhang, Chiyuan and Bengio, Samy and Singer, Yoram},
  journal={arXiv preprint arXiv:1902.01996},
  year={2019}
}

@article{intrinsic,
  title={Measuring the intrinsic dimension of objective landscapes},
  author={Li, Chunyuan and Farkhoor, Heerad and Liu, Rosanne and Yosinski, Jason},
  journal={arXiv preprint arXiv:1804.08838},
  year={2018}
}

@article{learningNothing,
  title={Intriguing properties of randomly weighted networks: Generalizing while learning next to nothing},
  author={Rosenfeld, Amir and Tsotsos, John K},
  journal={arXiv preprint arXiv:1802.00844},
  year={2018}
}

@article{fixLastLayerToHadamard,
  title={Fix your classifier: the marginal value of training the last weight layer},
  author={Hoffer, Elad and Hubara, Itay and Soudry, Daniel},
  journal={arXiv preprint arXiv:1801.04540},
  year={2018}
}

@article{frankle2018lottery,
  title={The lottery ticket hypothesis: Finding sparse, trainable neural networks},
  author={Frankle, Jonathan and Carbin, Michael},
  journal={arXiv preprint arXiv:1803.03635},
  year={2018}
}

@article{lotteryAtScale,
  title={The Lottery Ticket Hypothesis at Scale},
  author={Frankle, Jonathan and Dziugaite, Gintare Karolina and Roy, Daniel M and Carbin, Michael},
  journal={arXiv preprint arXiv:1903.01611},
  year={2019}
}

@article{generalizingLottery,
  title={One ticket to win them all: generalizing lottery ticket initializations across datasets and optimizers},
  author={Morcos, Ari S and Yu, Haonan and Paganini, Michela and Tian, Yuandong},
  journal={arXiv preprint arXiv:1906.02773},
  year={2019}
}

@article{sgdAlign,
  author    = {Ziwei Ji and
               Matus Telgarsky},
  title     = {Gradient descent aligns the layers of deep linear networks},
  journal   = {CoRR},
  volume    = {abs/1810.02032},
  year      = {2018},
  url       = {http://arxiv.org/abs/1810.02032},
  archivePrefix = {arXiv},
  eprint    = {1810.02032},
  timestamp = {Tue, 30 Oct 2018 10:49:09 +0100},
  biburl    = {https://dblp.org/rec/bib/journals/corr/abs-1810-02032},
  bibsource = {dblp computer science bibliography, https://dblp.org}
}
@article{freezeout,
  title={Freezeout: Accelerate training by progressively freezing layers},
  author={Brock, Andrew and Lim, Theodore and Ritchie, James M and Weston, Nick},
  journal={arXiv preprint arXiv:1706.04983},
  year={2017}
}